<?xml version="1.0" encoding="UTF-8"?><collection xmlns="http://www.loc.gov/MARC21/slim"><record><leader>00352nam--2200133-i-4500</leader><controlfield tag="001">000050133</controlfield><controlfield tag="002">20161230</controlfield><controlfield tag="005">20161230201048</controlfield><controlfield tag="008">060222s1000------------r-----000-0-eng-d</controlfield><datafield ind1=" " ind2=" " tag="080"><subfield code="a">533</subfield></datafield><datafield ind1=" " ind2=" " tag="100"><subfield code="a">Barancev, R.G</subfield></datafield><datafield ind1=" " ind2=" " tag="245"><subfield code="a">Vzaimodeistvie razrezhnnyh gazov s obtekaemymi poverhnostiami</subfield></datafield><datafield ind1=" " ind2=" " tag="260"><subfield code="a">Moskva,Izdatelstvo Nauka, 1975, 343s</subfield></datafield><datafield ind1=" " ind2=" " tag="852"><subfield code="a">43255</subfield></datafield></record></collection>